<?xml version="1.0" encoding="UTF-8"?><collection><record><leader>06548ntm a2200529 a 4500</leader><controlfield tag="001">006814501</controlfield><controlfield tag="003">MiAaHDL</controlfield><controlfield tag="005">20190719000000.0</controlfield><controlfield tag="006">m        d        </controlfield><controlfield tag="007">cr bn ---auaua</controlfield><controlfield tag="008">090609s1650    xx            00| ||per d</controlfield><datafield tag="035" ind1=" " ind2=" "><subfield code="a">(MiU)006814501</subfield></datafield><datafield tag="035" ind1=" " ind2=" "><subfield code="a">sdr-miu006814501</subfield></datafield><datafield tag="040" ind1=" " ind2=" "><subfield code="a">MiU</subfield><subfield code="c">MiU</subfield><subfield code="e">amremm</subfield></datafield><datafield tag="043" ind1=" " ind2=" "><subfield code="a">n-us-mi</subfield></datafield><datafield tag="100" ind1="0" ind2=" "><subfield code="6">880-01</subfield><subfield code="a">Jāmī,</subfield><subfield code="d">1414-1492.</subfield></datafield><datafield tag="240" ind1="1" ind2="0"><subfield code="6">880-02</subfield><subfield code="a">Haft awrang</subfield></datafield><datafield tag="245" ind1="1" ind2="0"><subfield code="6">880-03</subfield><subfield code="a">Haft Awrang,</subfield><subfield code="f">[1060, i.e. 1650].</subfield></datafield><datafield tag="246" ind1="3" ind2=" "><subfield code="a">هفت اورنك</subfield></datafield><datafield tag="260" ind1=" " ind2=" "><subfield code="c">[1650].</subfield></datafield><datafield tag="300" ind1=" " ind2=" "><subfield code="a">309 leaves :</subfield><subfield code="b">paper ;</subfield><subfield code="c">320 x 200 (227 x 120) mm.</subfield></datafield><datafield tag="500" ind1=" " ind2=" "><subfield code="a">Shelfmark: Ann Arbor, University of Michigan, Special Collections Library, Isl. Ms. 327</subfield></datafield><datafield tag="500" ind1=" " ind2=" "><subfield code="a">Origin: As appears in colophon at close on p.617, copied by Sulṭān Muḥammad Tāyabādī (who also completed the transcript of Isl. Ms. 286 in Rabīʻ I 1066 / ca. January 1656) with transcription completed in Rajab 1060 [July 1650].</subfield></datafield><datafield tag="500" ind1=" " ind2=" "><subfield code="a">Former shelfmark: 187 T. De M. [i.e. Tammaro De Marinis]" inscribed in pencil on verso of front flyleaf.</subfield></datafield><datafield tag="500" ind1=" " ind2=" "><subfield code="a">Binding: Pasteboards covered in dark brown leather ; Type III binding (without flap), possibly two-piece binding ; pastedowns and flyleaves in light-blue embossed paper (swirling grape and vine pattern over lined bands) with gold-painted border ; upper and lower covers carry large gold-stamped, scalloped mandorla (filled with vegetal composition, reminiscent of Déroche class. OAi 5), pendants, cornerpieces and bordering lozenges flanked by gold-painted borders in rules and a series of s-shaped stamps ; edges of text block gold and silver-painted with strokes and saz leaf motifs ; sewn in red thread, four stations ; worked chevron endbands in burgandy and gold, good condition ; overall in fair condition with some abrasion, lifting and red rot of leather at corners, board edges and spine.</subfield></datafield><datafield tag="500" ind1=" " ind2=" "><subfield code="a">Support: non-European laid paper with roughly 8 laid lines per cm. (vertical or horizontal, fairly distinct, curving) and occasional chain lines faintly visible, beige to light brown in color, burnished ; tinted wove papers have been inserted to protect illuminated decoration at openings (occasional "L-JDL &amp; Co" watermark) ; repairs to tears in leaves using paper ; guards on earlier leaves ; breakthrough along gold frames in some leaves.</subfield></datafield><datafield tag="500" ind1=" " ind2=" "><subfield code="a">Decoration: Elegant illuminated headpiece at opening of preface (p.2) consisting of rectangular piece with empty gold cartouche surmounted by scalloped dome each filled with delicated swirling vegetal pattern in gold and white with yellow, red, lavender and green floral accents all on a striking lapis lazuli ground and set in a well of heavy gold interlace flanked by bands of red and light blue with crosses in white and dark blue ; brilliant illuminated double-page opening marks each of the seven mas̲navīs (and each of the two daftars in Silsilat al-ẕahab) on pp.4-5, 108-109, 186-187, 220-221, 268-269, 348-349, 456-457, 554-555, involving rectangular pieces filled with varying vegetal designs on fields of lapis lazuli, gold, etc., bands of gold interlace, and flanking borders of swirling vegetal designs incorporating flowers, saz leaves, etc. ; written area gold-flecked and surrounded by frame of gold, turquoise (pistachio), red and blue bands defined by black fillets ; section headings and some keywords rubricated.</subfield></datafield><datafield tag="500" ind1=" " ind2=" "><subfield code="a">Script: Nastaʻlīq ; small, elegant hand in a thin line ; characteristically serifless with gentle effect of words descending to baseline, elongation of horizontal strokes, contrast in thickness of horizontal and vertical strokes, pointing in conjoined or distinct dots, long sweeping shaqq on kāf, point of final or free-standing nūn often omitted but where present set just down in bowl.</subfield></datafield><datafield tag="500" ind1=" " ind2=" "><subfield code="a">Layout: Written in 20 lines per page with written area mainly divided to four columns ; frame-ruled.</subfield></datafield><datafield tag="500" ind1=" " ind2=" "><subfield code="a">Collation: ii, 37 IV (296), III (302), IV-1 (309), ii ; catchwords present ; leaves between sections left partially blank ; pagination in Western numerals, supplied during cataloguing.</subfield></datafield><datafield tag="500" ind1=" " ind2=" "><subfield code="a">Colophon: "Scribal," triangular, in Arabic, reads "تمت الكتاب بعنايت الملك الكريم الوهاب تحريرا فى تاريخ شهر رجب المرجب سنه ١۰۶۰ كتبه سلطان محمد تایبادی"</subfield></datafield><datafield tag="500" ind1=" " ind2=" "><subfield code="a">Explicit: "که تا بیند از گوش دل بر کشیم همه گوش کردیم و دم در کشیم"</subfield></datafield><datafield tag="500" ind1=" " ind2=" "><subfield code="a">Incipit: "حمد الرب جلیل من عبد ذليیل وسلاما علی حبیب فایق من محب صادق و علی آله المهتدین بنور جماله اما بعد نظم این هفت مثنویست که چون هفت آسمان ..."</subfield></datafield><datafield tag="500" ind1=" " ind2=" "><subfield code="a">Title from inscriptions on 'title page' (p.1).</subfield></datafield><datafield tag="500" ind1=" " ind2=" "><subfield code="a">Ms. codex.</subfield></datafield><datafield tag="520" ind1="8" ind2=" "><subfield code="a">Elegant copy of the seven mas̲navīs of Jāmī (d.1492) collected under the title Haft awrang. Descriptive contributions from Sarah Mirza.</subfield></datafield><datafield tag="538" ind1=" " ind2=" "><subfield code="a">Mode of access: Internet.</subfield></datafield><datafield tag="541" ind1=" " ind2=" "><subfield code="c">Purchase ;</subfield><subfield code="a">Acquired by purchase (funds donated by Horace Rackham).</subfield><subfield code="d">1924.</subfield></datafield><datafield tag="546" ind1=" " ind2=" "><subfield code="a">Persian.</subfield></datafield><datafield tag="561" ind1=" " ind2=" "><subfield code="a">Several former owners' marks on 'title page' (p.1) including three effaced seal impressions (oval, almond shaped, and lobed) and statement dated 1277 [1860 or 1] ; at close of at close on p.617, rectangular seal impression in name of Muḥammad ʻAlī ibn Muḥammad Riz̤ā al-Raz̤avī (محمد علی بن محمد رضا الرضوی) which also appears at close of opening mas̲navī marked "مهر كاتب كتاب" (i.e. possibly seal of the copyist) and a larger rectangular seal impression (effaced) ; on verso of final leaf (p.618) several effaced statements, effaced rectangular seal impression and effaced oval seal impression as well as birth statement dated 3 Jumādá II [?] 1222 [ca. 8 August 1807] now struck through with ink ; occasional marginal corrections ; gold paper tabs mark openings.</subfield></datafield><datafield tag="650" ind1=" " ind2="0"><subfield code="a">Manuscripts, Persian</subfield><subfield code="z">Michigan</subfield><subfield code="z">Ann Arbor.</subfield></datafield><datafield tag="650" ind1=" " ind2="0"><subfield code="a">Masnavis, Persian</subfield><subfield code="v">Early works to 1800.</subfield></datafield><datafield tag="650" ind1=" " ind2="0"><subfield code="a">Persian poetry</subfield><subfield code="y">747-1500.</subfield></datafield><datafield tag="700" ind1="0" ind2=" "><subfield code="a">Abdülhamid</subfield><subfield code="b">II,</subfield><subfield code="c">Sultan of the Turks,</subfield><subfield code="d">1842-1918,</subfield><subfield code="e">former owner.</subfield></datafield><datafield tag="700" ind1="0" ind2=" "><subfield code="6">880-05</subfield><subfield code="a">Sulṭān Muḥammad Tāyabādī,</subfield><subfield code="d">fl. 1650,</subfield><subfield code="e">scribe.</subfield></datafield><datafield tag="773" ind1="0" ind2=" "><subfield code="a">Abdul Hamid Collection.</subfield></datafield><datafield tag="880" ind1="0" ind2=" "><subfield code="6">700-05/</subfield><subfield code="a">سلطان محمد تایبادی،</subfield><subfield code="e">ناسخ.</subfield></datafield><datafield tag="880" ind1="1" ind2="0"><subfield code="6">245-03/</subfield><subfield code="a">هفت اورنگ,</subfield><subfield code="f">[1060ه, 1650م].</subfield></datafield><datafield tag="880" ind1="1" ind2="0"><subfield code="6">240-02/</subfield><subfield code="a">هفت اورنگ</subfield></datafield><datafield tag="880" ind1="0" ind2=" "><subfield code="6">100-01/</subfield><subfield code="a">جامى.</subfield></datafield><datafield tag="CID" ind1=" " ind2=" "><subfield code="a">006814501</subfield></datafield><datafield tag="DAT" ind1="0" ind2=" "><subfield code="a">20190719102638.0</subfield><subfield code="b">20190719000000.0</subfield></datafield><datafield tag="DAT" ind1="1" ind2=" "><subfield code="a">20190719090653.0</subfield><subfield code="b">2019-07-19T16:12:03Z</subfield></datafield><datafield tag="DAT" ind1="2" ind2=" "><subfield code="a">2015-10-02T18:00:03Z</subfield></datafield><datafield tag="CAT" ind1=" " ind2=" "><subfield code="a">SDR-MIU</subfield><subfield code="d">EX LIBRIS - ALEPH</subfield><subfield code="l">prepare.pl-004-008</subfield></datafield><datafield tag="FMT" ind1=" " ind2=" "><subfield code="a">BK</subfield></datafield><datafield tag="HOL" ind1=" " ind2=" "><subfield code="0">sdr-miu006814501</subfield><subfield code="a">MiU</subfield><subfield code="b">SDR</subfield><subfield code="c">MIU</subfield><subfield code="p">mdp.39015079129048</subfield><subfield code="s">MIU</subfield><subfield code="1">006814501</subfield></datafield><datafield tag="974" ind1=" " ind2=" "><subfield code="b">MIU</subfield><subfield code="c">MIU</subfield><subfield code="d">20190719</subfield><subfield code="s">lit-dlps-dc</subfield><subfield code="u">mdp.39015079129048</subfield><subfield code="y">1650</subfield><subfield code="r">pd</subfield><subfield code="q">bib</subfield><subfield code="t">non-US bib date1 &lt; 1879</subfield></datafield></record></collection>